<collection xmlns="http://www.loc.gov/MARC21/slim">
<record>
  <leader>01084nam0a22002411i 450 </leader>
  <controlfield tag="001">IT\ICCU\CNCE\070814</controlfield>
  <controlfield tag="005">20130515000000.0</controlfield>
  <datafield tag="012" ind1=" " ind2=" ">
    <subfield code="a">n-a- a.c. o.le rata (C) 1566 (R)</subfield>
    <subfield code="2">fei</subfield>
  </datafield>
  <datafield tag="100" ind1=" " ind2=" ">
    <subfield code="a">20070524d1566        0itac0103    ba</subfield>
  </datafield>
  <datafield tag="101" ind1=" " ind2=" ">
    <subfield code="a">ITA</subfield>
  </datafield>
  <datafield tag="102" ind1=" " ind2=" ">
    <subfield code="a">IT</subfield>
  </datafield>
  <datafield tag="200" ind1="1" ind2=" ">
    <subfield code="a">Capitoli, et privilegii concessi, &amp; stabiliti dall&apos;illustrissimo &amp; eccellentissimo principe di Fiorenza &amp; Siena nostro signore, alla sua militia de cavalli armati alla leggera. Il di primo di Maggio 1566</subfield>
  </datafield>
  <datafield tag="210" ind1=" " ind2=" ">
    <subfield code="a">In Firenze</subfield>
    <subfield code="c">alla stampa ducale</subfield>
    <subfield code="d">1566</subfield>
  </datafield>
  <datafield tag="215" ind1=" " ind2=" ">
    <subfield code="a">11, \1! p.</subfield>
    <subfield code="d">4ʻ</subfield>
  </datafield>
  <datafield tag="300" ind1=" " ind2=" ">
    <subfield code="a">ANNULLATA:  ̈la 77942</subfield>
  </datafield>
  <datafield tag="620" ind1=" " ind2=" ">
    <subfield code="a">IT</subfield>
    <subfield code="d">Firenze</subfield>
  </datafield>
  <datafield tag="710" ind1="0" ind2="2">
    <subfield code="a">Firenze</subfield>
    <subfield code="c"> &lt;Ducato&gt;</subfield>
    <subfield code="3">IT\ICCU\CNCT\005420</subfield>
  </datafield>
  <datafield tag="712" ind1="0" ind2="0">
    <subfield code="a">Torrentino, Lorenzo - eredi</subfield>
    <subfield code="3">IT\ICCU\CNCT\000014</subfield>
    <subfield code="4">650</subfield>
  </datafield>
  <datafield tag="791" ind1="0" ind2="2">
    <subfield code="a">Stamperia Ducale</subfield>
    <subfield code="3">IT\ICCU\CNCT\001550</subfield>
    <subfield code="z">Torrentino, Lorenzo - eredi</subfield>
  </datafield>
  <datafield tag="801" ind1=" " ind2="3">
    <subfield code="a">IT</subfield>
    <subfield code="b">ICCU</subfield>
    <subfield code="c">20201115</subfield>
  </datafield>
  <datafield tag="899" ind1=" " ind2=" ">
    <subfield code="a">Biblioteca comunale Sabino Loffredo. Barletta</subfield>
    <subfield code="1">BA0071</subfield>
    <subfield code="2">BA1 LO</subfield>
  </datafield>
  <datafield tag="899" ind1=" " ind2=" ">
    <subfield code="a">Biblioteca Guarnacci. Volterra</subfield>
    <subfield code="1">PI0176</subfield>
    <subfield code="2">RT1 QV</subfield>
  </datafield>
  <datafield tag="899" ind1=" " ind2=" ">
    <subfield code="a">Biblioteca del Senato della Repubblica Giovanni Spadolini. Roma</subfield>
    <subfield code="1">RM0427</subfield>
    <subfield code="2">ZRM 12</subfield>
  </datafield>
</record>
</collection>
